<record><leader>00000cas a22000007a 4500</leader><controlfield tag="001">18143461</controlfield><controlfield tag="008">880628d19141931ohucr ne      0    0eng d</controlfield><datafield ind1=" " ind2=" " tag="010"><subfield code="a">sn 88077607 </subfield></datafield><datafield ind1=" " ind2=" " tag="040"><subfield code="a">ONP</subfield><subfield code="b">eng</subfield><subfield code="c">ONP</subfield><subfield code="d">OCLCQ</subfield></datafield><datafield ind1=" " ind2=" " tag="042"><subfield code="a">msc</subfield></datafield><datafield ind1="0" ind2=" " tag="130"><subfield code="a">Semi-weekly gazette (Delaware, Ohio : 1914)</subfield></datafield><datafield ind1="1" ind2="4" tag="245"><subfield code="a">The Semi-weekly gazette.</subfield></datafield><datafield ind1=" " ind2=" " tag="260"><subfield code="a">Delaware, Ohio :</subfield><subfield code="b">H.C. Thomson,</subfield><subfield code="c">1914-1931.</subfield></datafield><datafield ind1=" " ind2=" " tag="300"><subfield code="a">v.</subfield></datafield><datafield ind1=" " ind2=" " tag="310"><subfield code="a">Semiweekly</subfield></datafield><datafield ind1="0" ind2=" " tag="362"><subfield code="a">Vol. 96, no. 1 (Jan. 2, 1914)-113th year, no. 76 (Dec. 31, 1931).</subfield></datafield><datafield ind1=" " ind2=" " tag="752"><subfield code="a">United States</subfield><subfield code="b">Ohio</subfield><subfield code="c">Delaware</subfield><subfield code="d">Delaware.</subfield></datafield><datafield ind1="0" ind2=" " tag="775"><subfield code="t">Delaware daily gazette</subfield><subfield code="w">(DLC)sn 88077602</subfield></datafield><datafield ind1="0" ind2="0" tag="780"><subfield code="t">Delaware semi-weekly gazette (Delaware, Ohio : 1907)</subfield><subfield code="w">(DLC)sn 88077606</subfield></datafield></record>